@Article{Sheffield2016,
  author    = {Sheffield, Nathan C. and Bock, Christoph},
  title     = {LOLA: enrichment analysis for genomic region sets and regulatory elements in {R} and {Bioconductor}},
  journal   = {Bioinformatics},
  year      = {2016},
  volume    = {32},
  number    = {4},
  pages     = {587--589},
  month     = {Oct},
  issn      = {1460-2059},
  doi       = {10.1093/bioinformatics/btv612},
  file      = {:Sheffield2016.pdf:PDF;Sheffield2016.pdf:Sheffield2016.pdf:PDF},
  groups    = {MIRA, shefflab, simons_ASD, sheff_epigenomics, nsf_5_products},
  owner     = {nsheffield},
  publisher = {Oxford University Press (OUP)},
  timestamp = {2016.08.26},
  url       = {http://dx.doi.org/10.1093/bioinformatics/btv612},
}

@Article{Sheffield2018,
  author    = {Nathan C. Sheffield and VP Nagraj and Vince Reuter},
  title     = {{simpleCache}: {R} caching for reproducible, distributed, large-scale projects},
  journal   = {The Journal of Open Source Software},
  year      = {2018},
  volume    = {3},
  number    = {21},
  pages     = {463},
  month     = {jan},
  crednote  = {corresponding author},
  doi       = {10.21105/joss.00463},
  file      = {:Sheffield2018.pdf:PDF},
  groups    = {shefflab, contribution_software},
  owner     = {nsheff},
  publisher = {The Open Journal},
  timestamp = {2018-01-19},
}
