@Article{Sheffield2016,
  author    = {Sheffield, Nathan C. and Bock, Christoph},
  title     = {LOLA: enrichment analysis for genomic region sets and regulatory elements in {R} and {Bioconductor}},
  journal   = {Bioinformatics},
  year      = {2016},
  volume    = {32},
  number    = {4},
  pages     = {587--589},
  month     = {Oct},
  issn      = {1460-2059},
  doi       = {10.1093/bioinformatics/btv612},
  file      = {:Sheffield2016.pdf:PDF;Sheffield2016.pdf:Sheffield2016.pdf:PDF},
  groups    = {MIRA, shefflab, simons_ASD, sheff_epigenomics, nsf_5_products},
  owner     = {nsheffield},
  publisher = {Oxford University Press (OUP)},
  timestamp = {2016.08.26},
  url       = {http://dx.doi.org/10.1093/bioinformatics/btv612},
}